@book{kelley_2018,
    AUTHOR  = {D. E. Kelley},
    YEAR    = 2018,
    TITLE   = {{O}ceanographic {A}nalysis with {R}},
    PUBLISHER = {Springer Science+Business Media}
}

